@inproceedings{karlsson2018vegvisir,
  title={Vegvisir: A Partition-Tolerant Blockchain for the Internet-of-Things},
  author={Karlsson, Kolbeinn and Jiang, Weitao and Wicker, Stephen and Adams, Danny and Ma, Edwin and van Renesse, Robbert and Weatherspoon, Hakim},
  booktitle={2018 IEEE 38th International Conference on Distributed Computing Systems (ICDCS)},
  pages={1150--1158},
  year={2018},
  organization={IEEE}
}
